<?xml version="1.0" encoding="UTF-8"?><collection xmlns="http://www.loc.gov/MARC21/slim"><record><leader>00415nam--2200121-i-4500</leader><controlfield tag="001">000007180</controlfield><controlfield tag="002">20161230</controlfield><controlfield tag="005">20161230201027</controlfield><controlfield tag="008">060222s1000------------r-----000-0-eng-d</controlfield><datafield ind1=" " ind2=" " tag="100"><subfield code="a">Chrowjnik, Abraham, /S.A.</subfield></datafield><datafield ind1=" " ind2=" " tag="245"><subfield code="a">Posibilidades del tc-99m en reemplazo del radi oyodo en el estudio de la funcion tiroidea.inf orme no.144</subfield></datafield><datafield ind1=" " ind2=" " tag="260"><subfield code="a">Buenos Aires, Comision Nacional De Energia Ato Mica, 1965. 16 P</subfield></datafield><datafield ind1=" " ind2=" " tag="852"><subfield code="a">14000</subfield></datafield></record></collection>